<?xml version="1.0" encoding="UTF-8"?><collection xmlns="http://www.loc.gov/MARC21/slim"><record><leader>00425nam--2200133-i-4500</leader><controlfield tag="001">000023711</controlfield><controlfield tag="002">20161230</controlfield><controlfield tag="005">20161230201035</controlfield><controlfield tag="008">060222s1000------------r-----000-0-eng-d</controlfield><datafield ind1=" " ind2=" " tag="100"><subfield code="a">Gruebler, W</subfield></datafield><datafield ind1=" " ind2=" " tag="245"><subfield code="a">Konig, v</subfield></datafield><datafield ind1=" " ind2=" " tag="260"><subfield code="a">Proceedings Of The Fourth International Symposium On Polarization Phenomena In Nuclear Reactions.Zurich, 1975</subfield></datafield><datafield ind1=" " ind2=" " tag="490"><subfield code="a">Experientia Supplementum 25</subfield></datafield><datafield ind1=" " ind2=" " tag="852"><subfield code="a">539.171.018(061.3):539.12.185(061.3)</subfield></datafield></record></collection>